@book{essence,
  author    = "Hunter, R." ,
  title     = "``The Essence of Compilers''",
  publisher = "Prentice Hall (UK)",
  year      = "1998"
}



@book{Programming,
  author    = "Watt, D." ,
  title     = "``Programming Language Design Concepts''",
  publisher = "Wiley",
  year      = "2004"
}



@book{language ,
  author    = "Parr, T." ,
  title     = "``Language Implementation Patterns''",
  publisher = "Pragmatic Bookshelf",
  year      = "2010"
}



@book{Getting ,
  author    = "Reas, C. and  Fry, B." ,
  title     = "``Getting Started with Processing''",
  publisher = " Maker Media",
  year      = "2010"
}



@book{C  ,
  author    = "Kernighan, B. and Ritchie, D." ,
  title     = "``The C Programming Language''",
  publisher = "Prentice Hall",
  year      = "1998"
}


@book{sth  ,
  author    = "Kleppe, Anneke" ,
  title     = "``Software Language Engineering: Creating Domain-Specific Languages Using Metamodels''",
  publisher = "Addison-Wesley Professional",
  year      = "2008"
}


@misc{bison,
  author = {Donnelly, C. and Stallman, R.},
  title = {{``Bison - The Yacc-compatible Parser Generator''}},
  howpublished = "Available at: \url{http://www.gnu.org/software/bison/manual/bison.pdf}",
  year = {2015}, 
  note = "[Online; accessed 10-March-2015]"
}

@misc{Eloquent ,
  author = {Haverbeke, M.},
  title = {{``Eloquent JavaScript''}},
  howpublished = "Available at: \url{http://eloquentjavascript.net/}",
  year = {2014}, 
  note = "[Online; accessed 17-March-2015]"
}

@misc{Jison ,
  author = {Carter, Z.},
  title = {{``Jison - documentation''}},
  howpublished = "Available at: \url{http://zaach.github.io/jison/docs/}",
  note = "[Online; accessed 16-February-2015]"
}

@misc{Java ,
  author = {Ihrig, C.},
  title = {{``Creating a JavaScript Parser''}},
  howpublished = "Available at: \url{http://cjihrig.com/blog/creating-a-javascript-parser/
}",
  year = {2012}, 
  note = "[Online; accessed 16-February-2015]"
}

@misc{mozilla ,
  author = {Shepherd, E.},
  title = {{``Mozilla Developer Network''}},
  howpublished = "Available at: \url{https://developer.mozilla.org/en-US/
}",
  year = {2005}, 
  note = "[Online; accessed 9-March-2015]"
}

@misc{jvm  ,
  author = {Lindholm, T.},
  title = {{``The Java Virtual Machine Specification''}},
  howpublished = "Available at: \url{https://docs.oracle.com/javase/specs/jvms/se7/html/index.html}",
  year = {2013}, 
  note = "[Online; accessed  February-2015]"
}


